@article{kaner2013introduction,
  title={An introduction to scenario testing},
  author={Kaner, Cem},
  journal={Florida Institute of Technology, Melbourne},
  pages={1--13},
  year={2013}
}

@article{kaner2003power,
  title={The Power of'What If... and Nine Ways to Fuel Your Imagination: Cem Kaner on Scenario Testing},
  author={Kaner, Cem},
  journal={Software Testing and Quality Engineering},
  volume={5},
  pages={16--22},
  year={2003}
}

@article{north2006behavior,
  title={Behavior modification},
  author={North, Dan},
  journal={Better Software},
  volume={8},
  number={3},
  pages={26},
  year={2006},
  publisher={Software Quality Engineering},
  url = {https://dannorth.net/introducing-bdd/}
}

@book{evans2004domain,
  title={Domain-driven design: tackling complexity in the heart of software},
  author={Evans, Eric J and Evans, Eric},
  year={2004},
  publisher={Addison-Wesley Professional}
}

%ESLint

@misc{eslintMainPage,
	title = {ESLint - Pluggable JavaScript linter},
	journal = {ESLint - Pluggable JavaScript linter},
	year = {2021},
	month = {Jan},
	note = {[Online; accessed 25. Jan. 2021]},
	url = {https://eslint.org}
}

@misc{eslintSelectors,
	title = {{Selectors}},
	journal = {ESLint - Pluggable JavaScript linter},
	year = {2021},
	month = {Jan},
	note = {[Online; accessed 27. Jan. 2021]},
	url = {https://eslint.org/docs/developer-guide/selectors}
}

@misc{eslintEspree,
	author = {ESLint},
	title = {{Espree}},
	journal = {GitHub},
	year = {2021},
	month = {Jan},
	note = {[Online; accessed 25. Jan. 2021]},
	url = {https://github.com/eslint/espree}
}

@misc{eslint_vue_parser,
	author = {Vuejs},
	title = {vue-eslint-parser},
	journal = {GitHub},
	year = {2021},
	month = {Jan},
	note = {[Online; accessed 27. Jan. 2021]},
	url = {https://github.com/vuejs/vue-eslint-parser#readme}
}

@misc{eslint_vue_parser_ast,
	author = {Vuejs},
	title = {vue-eslint-parser AST},
	journal = {GitHub},
	year = {2021},
	month = {Jan},
	note = {[Online; accessed 27. Jan. 2021]},
	url = {https://github.com/vuejs/vue-eslint-parser/blob/master/docs/ast.md}
}

@misc{estoolsEsQuery,
	author = {estools},
	title = {{Esquery}},
	journal = {GitHub},
	year = {2021},
	month = {Jan},
	note = {[Online; accessed 27. Jan. 2021]},
	url = {https://github.com/estools/esquery}
}
@misc{estreeASTSpec,
	author = {ESTree},
	title = {{ESTree}},
	journal = {GitHub},
	year = {2021},
	month = {Jan},
	note = {[Online; accessed 27. Jan. 2021]},
	url = {https://github.com/estree/estree}
}

@misc{graph_viz,
	author = {Jacobsson, Magnus},
	title = {{d3-graphviz}},
	journal = {GitHub},
	year = {2021},
	month = {Feb},
	note = {[Online; accessed 9. Feb. 2021]},
	url = {https://github.com/magjac/d3-graphviz}
}
@misc{graphlib,
	author = {dagrejs},
	title = {{graphlib}},
	journal = {GitHub},
	year = {2021},
	month = {Feb},
	note = {[Online; accessed 9. Feb. 2021]},
	url = {https://github.com/dagrejs/graphlib}
}
@misc{babel,
	title = {{Babel - The compiler for next generation JavaScript}},
	year = {2021},
	month = {Feb},
	note = {[Online; accessed 9. Feb. 2021]},
	url = {https://babeljs.io}
}
@misc{lodash,
	title = {{Lodash}},
	year = {2021},
	month = {Feb},
	note = {[Online; accessed 9. Feb. 2021]},
	url = {https://lodash.com}
}
@misc{light_server,
	author = {Chen, Tianxiang},
	title = {{light-server}},
	journal = {GitHub},
	year = {2021},
	month = {Feb},
	note = {[Online; accessed 9. Feb. 2021]},
	url = {https://github.com/txchen/light-server}
}

@misc{astexplorer_fkling2021Jan,
	author = {Felix Kling},
	title = {AST Explorer},
	journal = {GitHub},
	year = {2021},
	month = {Jan},
	note = {[Online; accessed 27. Jan. 2021]},
	url = {https://github.com/fkling/astexplorer}
}

% MVVM

@misc{microsoft_mvvm,
  title={Enterprise Application Patterns using Xamarin. Forms},
  author={Britch, David},
  year={2017},
  publisher={Microsoft Press, A Division of Microsoft Corporation},
  url = {https://github.com/dotnet-architecture/eBooks/blob/master/current/xamarin-forms/Enterprise-Application-Patterns-using-XamarinForms.pdf}
}

% Vue.js

@misc{vuejs_gh,
	author = {Vuejs},
	title = {{Vue.js}},
	journal = {GitHub},
	year = {2021},
	month = {Jan},
	note = {[Online; accessed 29. Jan. 2021]},
	url = {https://github.com/vuejs/vue}
}
@misc{vuejs_guide,
	title = {{Introduction Vue.js}},
	year = {2021},
	month = {Jan},
	note = {[Online; accessed 29. Jan. 2021]},
	url = {https://vuejs.org/v2/guide}
}

@book{vuejs_book,
  title={Vue.js: Up and Running: Building Accessible and Performant Web Apps},
  author={Macrae, Callum},
  year={2018},
  publisher={" O'Reilly Media, Inc."}
}


@inproceedings{zhang2019scenario,
  title={Scenario Testing of AngularJS-Based Single Page Web Applications},
  author={Zhang, Gefei and Zhao, Jianjun},
  booktitle={International Conference on Web Engineering},
  pages={91--103},
  year={2019},
  organization={Springer}
}

@misc{cucumber_amigos,
	title = {{Who Does What? - Cucumber Documentation}},
	year = {2021},
	month = {Feb},
	note = {[Online; accessed 10. Feb. 2021]},
	url = {https://cucumber.io/docs/bdd/who-does-what}
}

@misc{gherkin_language,
	title = {{Gherkin Reference - Cucumber Documentation}},
	year = {2021},
	month = {Feb},
	note = {[Online; accessed 10. Feb. 2021]},
	url = {https://cucumber.io/docs/gherkin/reference}
}

% state of the art

@inproceedings{mirshokraie2015jseft,
  title={JSeft: Automated JavaScript unit test generation},
  author={Mirshokraie, Shabnam and Mesbah, Ali and Pattabiraman, Karthik},
  booktitle={2015 IEEE 8th International Conference on Software Testing, Verification and Validation (ICST)},
  pages={1--10},
  year={2015},
  organization={IEEE}
}

@article{gao2019model,
  title={Model-based Automated Testing of JavaScript Web Applications via Longer Test Sequences},
  author={Gao, Pengfei and Song, Fu and Chen, Taolue and Zeng, Yao and Su, Ting},
  journal={arXiv preprint arXiv:1905.07671},
  year={2019}
}

@inproceedings{zhang2020specifying,
  title={Specifying and Model Checking Workflows of Single Page Applications with TLA+},
  author={Zhang, Gefei},
  booktitle={2020 IEEE 20th International Conference on Software Quality, Reliability and Security Companion (QRS-C)},
  pages={406--410},
  year={2020},
  organization={IEEE}
}

@article{andreasen2017survey,
  title={A survey of dynamic analysis and test generation for JavaScript},
  author={Andreasen, Esben and Gong, Liang and M{\o}ller, Anders and Pradel, Michael and Selakovic, Marija and Sen, Koushik and Staicu, Cristian-Alexandru},
  journal={ACM Computing Surveys (CSUR)},
  volume={50},
  number={5},
  pages={1--36},
  year={2017},
  publisher={ACM New York, NY, USA}
}

@inproceedings{godefroid2005dart,
  title={DART: Directed automated random testing},
  author={Godefroid, Patrice and Klarlund, Nils and Sen, Koushik},
  booktitle={Proceedings of the 2005 ACM SIGPLAN conference on Programming language design and implementation},
  pages={213--223},
  year={2005}
}

@misc{crawljax2021Feb,
	author = {crawljax},
	title = {Crawljax: Crawling Dynamic (JavaScript-based) Web Applications },
	journal = {GitHub},
	year = {2021},
	month = {Feb},
	note = {[Online; accessed 10. Feb. 2021]},
	url = {https://github.com/crawljax/crawljax}
}

@misc{KarakoA2021Feb,
	author = {Karakochev, Anton},
	title = {{vuejs-example}},
	journal = {GitHub},
	year = {2021},
	month = {Feb},
	note = {[Online; accessed 10. Feb. 2021]},
	url = {https://github.com/KarakoA/vuejs-example}
}

@misc{typescript,
	title = {{Typed JavaScript at Any Scale.}},
	year = {2021},
	month = {Feb},
	note = {[Online; accessed 11. Feb. 2021]},
	url = {https://www.typescriptlang.org}
}